<record><leader>00000cas a22000007a 4500</leader><controlfield tag="001">20511021</controlfield><controlfield tag="008">891019d1859186ugauwr ne      0    0eng d</controlfield><datafield ind1=" " ind2=" " tag="010"><subfield code="a">sn 89053821 </subfield></datafield><datafield ind1=" " ind2=" " tag="040"><subfield code="a">NLG</subfield><subfield code="b">eng</subfield><subfield code="c">NLG</subfield><subfield code="d">OCLCQ</subfield></datafield><datafield ind1=" " ind2=" " tag="019"><subfield code="a">17936626</subfield></datafield><datafield ind1=" " ind2=" " tag="042"><subfield code="a">msc</subfield></datafield><datafield ind1="0" ind2="0" tag="245"><subfield code="a">Landmark banner &amp; Cherokee Baptist.</subfield></datafield><datafield ind1="3" ind2="0" tag="246"><subfield code="a">Landmark banner and Cherokee Baptist</subfield></datafield><datafield ind1="1" ind2="7" tag="246"><subfield code="a">Banner and Baptist</subfield></datafield><datafield ind1=" " ind2=" " tag="260"><subfield code="a">Rome, Ga. :</subfield><subfield code="b">J.M. Wood</subfield></datafield><datafield ind1=" " ind2=" " tag="300"><subfield code="a">v.</subfield></datafield><datafield ind1=" " ind2=" " tag="310"><subfield code="a">Weekly</subfield></datafield><datafield ind1="0" ind2=" " tag="362"><subfield code="a">Vol. 1, no. 1 (Oct. 5, 1859)-</subfield></datafield><datafield ind1=" " ind2=" " tag="500"><subfield code="a">Published in Atlanta in 1861.</subfield></datafield><datafield ind1=" " ind2=" " tag="500"><subfield code="a">Editors: Jesse M. Wood and H.C. Hornady, &lt;1861&gt;.</subfield></datafield><datafield ind1=" " ind2=" " tag="752"><subfield code="a">United States</subfield><subfield code="b">Georgia</subfield><subfield code="c">Fulton</subfield><subfield code="d">Atlanta.</subfield></datafield><datafield ind1="0" ind2="0" tag="785"><subfield code="t">Banner and Baptist</subfield><subfield code="w">(DLC)sn 89053822</subfield><subfield code="w">(OCoLC)20511101</subfield></datafield><datafield ind1="1" ind2=" " tag="029"><subfield code="a">AU@</subfield><subfield code="b">000042194594</subfield></datafield></record>